@Misc{Clancy:2021:WhatAreContainers,
	author = {Molly CLANCY},
	title = {What Are Containers?},
	howpublished = {[online]},
	year = {rev. 27. oktober 2021},
	note = {[vid. 2022-04-10]},
	url = {https://www.backblaze.com/blog/what-are-containers/},
}

@INPROCEEDINGS{Azab:2017:HPCContainers,
    author={AZAB, Abdulrahman},
    booktitle={2017 IEEE International Conference on Cloud Engineering (IC2E)},
    title={Enabling Docker Containers for High-Performance and Many-Task Computing},
    year={2017},
    volume={5},
    pages={279-285},
    doi={10.1109/IC2E.2017.52}
}

@Misc{RH:2019:LessVsFull,
	author = {Red{\ }Hat},
	title = {Managing Containers},
	howpublished = {[online]},
	year = {rev. 1. apríl 2022},
	note = {[vid. 2022-04-10]},
	url = {https://developers.redhat.com/blog/2020/09/25/rootless-containers-with-podman-the-basics},
}

@MastersThesis{Alonso:2017:Containerization,
	author = {Rubén Cayetano Díaz ALONSO},
	title = {SOFTWARE CONTAINERIZATION WITH DOCKER},
	school = {Turku University of Applied Sciences},
	year = {2017},
	type = {Bakalárska práca},
}

@InBook{Nigel:2018:DDD,
	author = {Nigel POULTON},
	title = {Docker Deep Dive},
	publisher = {Independently published},
	year = {2018},
	edition = {1},
	chapter = {8},
	pages = {130\,--\,154},
	ISBN = {978-1-5218-2280-7},
}

@Article{Ellis:2016:DockerSwarm,
	author = {Alex ELLIS},
	title = {Build a Pi cluster with Docker Swarm},
	journal = {Linux User and Developer},
	volume = {13},
	number = {7},
	pages = {19\,--\,23},
	year = {2016},
	ISSN = {2041-3270},
}

@MastersThesis{AspernasNensen:2016:COntainersPerformance,
	author = {Andreas ASPERNÄS and Mattias NENSÉN},
	title = {Container Hosts as Virtual Machines: A performance study},
	school = {Linnaeus University, Faculty of Technology},
	year = {2016},
	type = {Bakalárska práca},
}

@Misc{Kube:2022:WhatIsKube,
	author = {The{\ }Kubernetes{\ }Authors},
	title = {What is Kubernetes?},
	howpublished = {[online]},
	year = {rev. 4. apríl 2022},
	note = {[vid. 2022-04-11]},
	url = {https://kubernetes.io/docs/concepts/overview/what-is-kubernetes/},
}

@InBook{Docker:2020:Kube,
	author = {Brian DOCKER},
	title = {KUBERNETES: A Simple Guide to Master Kubernetes for Beginners and Advanced Users},
	publisher = {Marketing Vision Ltd},
	year = {2020},
	edition = {2020},
	chapter = {1},
	pages = {8\,--\,9},
	ISBN = {978-1-9140-5413-6},
}

@ARTICLE{Pahl:2015:PaaS,
    author={Claus PAHL},
    journal={IEEE Cloud Computing},
    title={Containerization and the PaaS Cloud},
    year={2015},
    volume={2},
    number={3},
    pages={24-31},
    doi={10.1109/MCC.2015.51}
}
