@Misc{die,
	author={Koenig, Thomas and Kerrisk, Michael},
	title={getopt(3)},
	howpublished = {[online]},
	year = {rev. 27. August 2021},
	note = {[seen. 2022-04-11]},
	url = {https://www.man7.org/linux/man-pages/man3/getopt.3.html},
}

@Misc{masking,
	author={Agarwal, Aman},
	title={Bits \& bitmasking},
	howpublished = {[online]},
	year = {rev. 26. December 2019},
	note = {[seen. 2022-04-11]},
	url = {https://medium.com/analytics-vidhya/bits-bitmasking-62277789f6f5},
}

@misc{tcprfc,
	series =	{Request for Comments},
	number =	793,
	howpublished =	{RFC 793},
	publisher =	{RFC Editor},
	doi =		{10.17487/RFC0793},
	url =		{https://www.rfc-editor.org/info/rfc793},
	title =		{{Transmission Control Protocol}},
	pagetotal =	91,
	year =		{1981},
	month =		sep,
}

@misc{udprfc,
	series =	{Request for Comments},
	number =	768,
	howpublished =	{RFC 768},
	publisher =	{RFC Editor},
	doi =		{10.17487/RFC0768},
	url =		{https://www.rfc-editor.org/info/rfc768},
	title =		{{User Datagram Protocol}},
	pagetotal =	3,
	year =		{1980},
	month =		aug,
}

@Misc{pcaploop,
	author={The{\,}Tcpdump{\,}Group},
	title={Man page of PCAP\_LOOP},
	howpublished = {[online]},
	year = {rev. 07. March 2022},
	note = {[seen. 2022-04-15]},
	url = {https://www.tcpdump.org/manpages/pcap_loop.3pcap.html},
}


@Misc{ipv6hdr,
	author={Free{\,}Software{\,}Foundation},
	title={ipv6.h},
	howpublished = {[online]},
	year = {1991},
	note = {[seen. 2022-04-15]},
}

@Misc{usingpcap,
	author={NanoDano},
	title={Using libpcap in C},
	howpublished = {[online]},
	year = {rev. 14. August 2015},
	note = {[seen. 2022-04-15]},
	url = {https://www.devdungeon.com/content/using-libpcap-c},
}

@misc{arp,
	series =	{Request for Comments},
	number =	826,
	howpublished =	{RFC 826},
	publisher =	{RFC Editor},
	doi =		{10.17487/RFC0826},
	url =		{https://www.rfc-editor.org/info/rfc826},
        author =	{},
	title =		{{An Ethernet Address Resolution Protocol: Or Converting Network Protocol Addresses to 48.bit Ethernet Address for Transmission on Ethernet Hardware}},
	pagetotal =	10,
	year =		1982,
	month =		nov,
	abstract =	{The purpose of this RFC is to present a method of Converting Protocol Addresses (e.g., IP addresses) to Local Network Addresses (e.g., Ethernet addresses). This is an issue of general concern in the ARPA Internet Community at this time. The method proposed here is presented for your consideration and comment. This is not the specification of an Internet Standard.},
}

@misc{icmp,
	series =	{Request for Comments},
	number =	792,
	howpublished =	{RFC 792},
	publisher =	{RFC Editor},
	doi =		{10.17487/RFC0792},
	url =		{https://www.rfc-editor.org/info/rfc792},
        author =	{},
	title =		{{Internet Control Message Protocol}},
	pagetotal =	21,
	year =		1981,
	month =		sep,
	abstract =	{},
}

@misc{icmpv6,
	series =	{Request for Comments},
	number =	4443,
	howpublished =	{RFC 4443},
	publisher =	{RFC Editor},
	doi =		{10.17487/RFC4443},
	url =		{https://www.rfc-editor.org/info/rfc4443},
        author =	{Mukesh Gupta and Alex Conta},
	title =		{{Internet Control Message Protocol (ICMPv6) for the Internet Protocol Version 6 (IPv6) Specification}},
	pagetotal =	24,
	year =		2006,
	month =		mar,
	abstract =	{This document describes the format of a set of control messages used in ICMPv6 (Internet Control Message Protocol). ICMPv6 is the Internet Control Message Protocol for Internet Protocol version 6 (IPv6). {[}STANDARDS-TRACK{]}},
}

